<record><leader>00000cas a2200000 a 4500</leader><controlfield tag="001">30121166</controlfield><controlfield tag="008">940412d19331940iluwr ne      0   a0eng c</controlfield><datafield ind1=" " ind2=" " tag="010"><subfield code="a">sn 94054229 </subfield></datafield><datafield ind1=" " ind2=" " tag="040"><subfield code="a">NVF</subfield><subfield code="b">eng</subfield><subfield code="c">NVF</subfield><subfield code="d">OCLCQ</subfield><subfield code="d">NVF</subfield><subfield code="d">OCLCQ</subfield><subfield code="d">OCLCF</subfield><subfield code="d">OCLCO</subfield><subfield code="d">NVF</subfield></datafield><datafield ind1=" " ind2=" " tag="042"><subfield code="a">pcc</subfield></datafield><datafield ind1=" " ind2=" " tag="043"><subfield code="a">n-us-il</subfield></datafield><datafield ind1="0" ind2=" " tag="130"><subfield code="a">Niles Center press (Niles Center, Ill.)</subfield></datafield><datafield ind1="1" ind2="0" tag="245"><subfield code="a">Niles Center press.</subfield></datafield><datafield ind1=" " ind2=" " tag="260"><subfield code="a">Niles Center [i.e. Skokie], Ill. :</subfield><subfield code="b">Glenview Pub. Co.,</subfield><subfield code="c">1933-1940.</subfield></datafield><datafield ind1=" " ind2=" " tag="300"><subfield code="a">v.</subfield></datafield><datafield ind1=" " ind2=" " tag="310"><subfield code="a">Weekly</subfield></datafield><datafield ind1="1" ind2=" " tag="362"><subfield code="a">Began in Aug. 1933.</subfield></datafield><datafield ind1="0" ind2=" " tag="362"><subfield code="a">-v. 8, no. 8 (Sept. 27, 1940).</subfield></datafield><datafield ind1=" " ind2=" " tag="500"><subfield code="a">Niles Center changed its name to Skokie by referendum in 1940.</subfield></datafield><datafield ind1=" " ind2=" " tag="588"><subfield code="a">Description based on: Vol. 1, no. 2 (Sept. 1, 1933).</subfield></datafield><datafield ind1=" " ind2="0" tag="651"><subfield code="a">Skokie (Ill.)</subfield><subfield code="v">Newspapers.</subfield></datafield><datafield ind1=" " ind2="7" tag="651"><subfield code="a">Illinois</subfield><subfield code="z">Skokie.</subfield><subfield code="2">fast</subfield><subfield code="0">(OCoLC)fst01206854</subfield></datafield><datafield ind1=" " ind2="7" tag="655"><subfield code="a">Newspapers.</subfield><subfield code="2">fast</subfield><subfield code="0">(OCoLC)fst01423814</subfield></datafield><datafield ind1=" " ind2=" " tag="752"><subfield code="a">United States</subfield><subfield code="b">Illinois</subfield><subfield code="c">Cook</subfield><subfield code="d">Niles Center.</subfield></datafield><datafield ind1=" " ind2=" " tag="752"><subfield code="a">United States</subfield><subfield code="b">Illinois</subfield><subfield code="c">Cook</subfield><subfield code="d">Skokie.</subfield></datafield><datafield ind1="0" ind2=" " tag="775"><subfield code="t">Niles Center press (Morton Grove, Ill.)</subfield><subfield code="w">(DLC)sn 94054228</subfield><subfield code="w">(OCoLC)30120909</subfield></datafield><datafield ind1="0" ind2="0" tag="785"><subfield code="t">Skokie press</subfield><subfield code="w">(DLC)sn 94054230</subfield><subfield code="w">(OCoLC)30121297</subfield></datafield><datafield ind1="1" ind2=" " tag="029"><subfield code="a">AU@</subfield><subfield code="b">000025877540</subfield></datafield></record>